@article{camara2018methods,
  title={Methods and challenges in the analysis of single-cell RNA-sequencing data},
  author={Camara, Pablo G},
  journal={Curr. Opin. Syst. Biol.},
  volume={7},
  pages={47-53},
  year={2018},
  publisher={Elsevier}
}

@article{rozenblatt2017human,
  title={The {Human Cell Atlas}: from vision to reality},
  author={Rozenblatt-Rosen, Orit and Stubbington, Michael JT and Regev, Aviv and Teichmann, Sarah A},
  journal={Nature},
  volume={550},
  number={7677},
  pages={451-453},
  year={2017},
  doi={10.1038/550451a},
}

@article{Briggs2018xenopus,
  title={The dynamics of gene expression in vertebrate embryogenesis at single-cell resolution},
  author={Briggs and James A, Weinreb and Caleb, Wagner and Daniel E, Megason and Sean, Peshkin and Leonid, Kirschner and Marc W, Klein and Allon M},
  journal={Science},
  volume={360},
  number={6392},
  pages={eaar5780},
  year={2018},
  doi={10.1126/science.aar5780}
  }

@article{lun2018singlecellexperiment,
  title={SingleCellExperiment: S4 classes for single cell data},
  author={Lun, Aaron and Risso, Davide and Korthauer, K},
  journal={R package version},
  volume={1},
  number={0},
  year={2018},
}

@article{mccarthy2017scater,
  title={Scater: pre-processing, quality control, normalization and visualization of single-cell RNA-seq data in R},
  author={McCarthy, Davis J and Campbell, Kieran R and Lun, Aaron TL and Wills, Quin F},
  journal={Bioinformatics},
  volume={33},
  number={8},
  pages={1179-1186},
  year={2017},
  publisher={Oxford University Press},
}

@article{grun2015raceid,
  title={Single-cell messenger RNA sequencing reveals rare intestinal cell types},
  author={Gr{\"u}n, Dominic and Lyubimova, Anna and Kester, Lennart and Wiebrands, Kay and Basak, Onur and Sasaki, Nobuo and Clevers, Hans and van Oudenaarden, Alexander},
  journal={Nature},
  volume={525},
  number={7568},
  pages={251},
  year={2015},
  publisher={Nature Publishing Group},
}

@article{satija2015seurat,
  title={Spatial reconstruction of single-cell gene expression data},
  author={Satija, Rahul and Farrell, Jeffrey A and Gennert, David and Schier, Alexander F and Regev, Aviv},
  journal={Nat. Biotechnol.},
  volume={33},
  number={5},
  pages={495},
  year={2015},
  publisher={Nature Publishing Group}
}

@article{vickovic2016massive,
  title={Massive and parallel expression profiling using microarrayed single-cell sequencing},
  author={Vickovic, Sanja and St{\aa}hl, Patrik L and Salm{\'e}n, Fredrik and Giatrellis, Sarantis and Westholm, Jakub Orzechowski and Mollbrink, Annelie and Navarro, Jos{\'e} Fern{\'a}ndez and Custodio, Joaquin and Bienko, Magda and Sutton, Lesley-Ann and others},
  journal={Nat. Commun.},
  volume={7},
  pages={13182},
  year={2016},
  publisher={Nature Publishing Group},
}


@article{allaire2012rstudio,
  title={RStudio: integrated development environment for R},
  author={Allaire, J},
  journal={Boston, MA},
  volume={770},
  year={2012},
  publisher={Citeseer},
}

@inproceedings{kluyver2016jupyter,
  title={Jupyter Notebooks-a publishing format for reproducible computational workflows.},
  author={Kluyver, Thomas and Ragan-Kelley, Benjamin and P{\'e}rez, Fernando and Granger, Brian E and Bussonnier, Matthias and Frederic, Jonathan and Kelley, Kyle and Hamrick, Jessica B and Grout, Jason and Corlay, Sylvain and others},
  booktitle={ELPUB},
  pages={87-90},
  year={2016},
}

@online{stackoverflow2019,
  author = {StackOverflow },
  title = {StackOverflow Developer Insights},
  year = 2019,
  url = {https://insights.stackoverflow.com/survey/2019},
  urldate = {2019-01-01},
}

@article{wolf2018scanpy,
  title={SCANPY: large-scale single-cell gene expression data analysis},
  author={Wolf, F Alexander and Angerer, Philipp and Theis, Fabian J},
  journal={Genome Biol.},
  volume={19},
  number={1},
  pages={15},
  year={2018},
  publisher={BioMed Central},
}

@article{afgan2016galaxy,
  title={The Galaxy platform for accessible, reproducible and collaborative biomedical analyses: 2016 update},
  author={Afgan, Enis and Baker, Dannon and Van den Beek, Marius and Blankenberg, Daniel and Bouvier, Dave and {\v{C}}ech, Martin and Chilton, John and Clements, Dave and Coraor, Nate and Eberhard, Carl and others},
  journal={Nucleic Acids Res.},
  volume={44},
  number={W1},
  pages={W3-W10},
  year={2016},
  publisher={Oxford University Press},
}

% this one has galaxy community growth numbers
@article{afgan2018galaxy,
  title={The Galaxy platform for accessible, reproducible and collaborative biomedical analyses: 2018 update},
  author={Afgan, Enis and Baker, Dannon and Batut, B{\'e}r{\'e}nice and Van Den Beek, Marius and Bouvier, Dave and {\v{C}}ech, Martin and Chilton, John and Clements, Dave and Coraor, Nate and Gr{\"u}ning, Bj{\"o}rn A and others},
  journal={Nucleic Acids Res.},
  volume={46},
  number={W1},
  pages={W537-W544},
  year={2018},
  publisher={Oxford University Press},
}


@article{gruning2018bioconda,
  title={Bioconda: sustainable and comprehensive software distribution for the life sciences},
  author={Gr{\"u}ning, Bj{\"o}rn and Dale, Ryan and Sj{\"o}din, Andreas and Chapman, Brad A and Rowe, Jillian and Tomkins-Tinch, Christopher H and Valieris, Renan and K{\"o}ster, Johannes},
  journal={Nat. Methods},
  volume={15},
  number={7},
  pages={475},
  year={2018},
  publisher={Nature Publishing Group},
}

@article{gruning2018practical,
  title={Practical computational reproducibility in the life sciences},
  author={Gr{\"u}ning, Bj{\"o}rn and Chilton, John and K{\"o}ster, Johannes and Dale, Ryan and Soranzo, Nicola and van den Beek, Marius and Goecks, Jeremy and Backofen, Rolf and Nekrutenko, Anton and Taylor, James},
  journal={Cell systems},
  volume={6},
  number={6},
  pages={631--635},
  year={2018},
  publisher={Elsevier}
}



@article{batut2018cell,
title = "Community-Driven Data Analysis Training for Biology",
journal = "Cell Systems",
volume = "6",
number = "6",
pages = "752 - 758.e1",
year = "2018",
issn = "2405-4712",
doi = "https://doi.org/10.1016/j.cels.2018.05.012",
url = "http://www.sciencedirect.com/science/article/pii/S2405471218302308",
author = "Bérénice Batut and Saskia Hiltemann and Andrea Bagnacani and Dannon Baker and Vivek Bhardwaj and Clemens Blank and Anthony Bretaudeau and Loraine Brillet-Guéguen and Martin Čech and John Chilton and Dave Clements and Olivia Doppelt-Azeroual and Anika Erxleben and Mallory Ann Freeberg and Simon Gladman and Youri Hoogstrate and Hans-Rudolf Hotz and Torsten Houwaart and Pratik Jagtap and Delphine Larivière and Gildas Le Corguillé and Thomas Manke and Fabien Mareuil and Fidel Ramírez and Devon Ryan and Florian Christoph Sigloch and Nicola Soranzo and Joachim Wolff and Pavankumar Videm and Markus Wolfien and Aisanjiang Wubuli and Dilmurat Yusuf and James Taylor and Rolf Backofen and Anton Nekrutenko and Björn Grüning",
keywords = "genomics, training, data analysis, next-generation sequencing, proteomics"
}

@article{wagner2016revealing,
  title={Revealing the vectors of cellular identity with single-cell genomics},
  author={Wagner, Allon and Regev, Aviv and Yosef, Nir},
  journal={Nat. Biotechnol.},
  volume={34},
  number={11},
  pages={1145},
  year={2016},
  publisher={Nature Publishing Group},
}

@article{hashimshony2016cel,
  title={CEL-Seq2: sensitive highly-multiplexed single-cell RNA-Seq},
  author={Hashimshony, Tamar and Senderovich, Naftalie and Avital, Gal and Klochendler, Agnes and de Leeuw, Yaron and Anavy, Leon and Gennert, Dave and Li, Shuqiang and Livak, Kenneth J and Rozenblatt-Rosen, Orit and others},
  journal={Genome Biol.},
  volume={17},
  number={1},
  pages={77},
  year={2016},
  publisher={BioMed Central},
}

@misc{cellxgene,
  author={Colin Megill and Charlotte Weaver and Bruce Martin and Justin Kiggins and Severiano Badajoz and Sidney Bell and Jeremy Freeman and fionagriffin and Marcus Kinsella and Snyk bot and Philipp A. and Marcio von Muhlen and James Taylor and Isaac Virshup and Gökçen Eraslan and GenevieveHaliburton and Alex Wolf},
  title={chanzuckerberg/cellxgene: Release 0.11.2},
  month={aug},
  year={2019},
  doi={10.5281/zenodo.3368662},
  url={https://doi.org/10.5281/zenodo.3368662},
}

@misc{scanpyreleases,
    author = {Wolf, F., Angerer, P. & Theis,F},
    title = {{ScanPy} Release Notes},
    howpublished = {\url{https://scanpy.readthedocs.io/en/stable/release-notes.html}},
    note = {Accessed: 2020-01-10},
}

@misc{scanpy3kpbmc,
    author = {Wolf, F., Angerer, P. & Rybakov,S},
    title = {{ScanPy} Preprocessing and Clustering 3k PBMCs Tutorial},
    howpublished = {\url{https://scanpy-tutorials.readthedocs.io/en/latest/pbmc3k.html}},
    note = {Accessed: 2020-01-10},
}


@misc{seuratreleases,
  author = {Satija, Rahul and Farrell, Jeffrey A and Gennert, David and Schier, Alexander F and Regev, Aviv},
  title = {List of Seurat Releases},
  howpublished = {\url{https://github.com/satijalab/seurat/releases}},
  note = {Accessed: 2020-01-10},
}

@misc{gtnreleases,
  author = "Bérénice Batut and Saskia Hiltemann and Andrea Bagnacani and Dannon Baker and Vivek Bhardwaj and Clemens Blank and Anthony Bretaudeau and Loraine Brillet-Guéguen and Martin Čech and John Chilton and Dave Clements and Olivia Doppelt-Azeroual and Anika Erxleben and Mallory Ann Freeberg and Simon Gladman and Youri Hoogstrate and Hans-Rudolf Hotz and Torsten Houwaart and Pratik Jagtap and Delphine Larivière and Gildas Le Corguillé and Thomas Manke and Fabien Mareuil and Fidel Ramírez and Devon Ryan and Florian Christoph Sigloch and Nicola Soranzo and Joachim Wolff and Pavankumar Videm and Markus Wolfien and Aisanjiang Wubuli and Dilmurat Yusuf and James Taylor and Rolf Backofen and Anton Nekrutenko and Björn Grüning",
  title = {List of {Galaxy Training Network} Releases},
  howpublished = {\url{https://github.com/galaxyproject/training-material/releases}},
  note = {Accessed: 2020-01-10},
}

@misc{gtnlouvain,
  author={Tekman, M},
  title={Accompanying Slide Deck for {ScanPy} {PBMC} Workflow},
  howpublished = {\url{https://training.galaxyproject.org/training-material/topics/transcriptomics/tutorials/scrna-scanpy-pbmc3k/slides.html}},
  note = {Accessed: 2020-01-10},
}


@article{dobin2013star,
  title={STAR: ultrafast universal RNA-seq aligner},
  author={Dobin, Alexander and Davis, Carrie A and Schlesinger, Felix and Drenkow, Jorg and Zaleski, Chris and Jha, Sonali and Batut, Philippe and Chaisson, Mark and Gingeras, Thomas R},
  journal={Bioinformatics},
  volume={29},
  number={1},
  pages={15-21},
  year={2013},
  publisher={Oxford University Press},
}

%Starsolo, no paper -- let's use the github
@misc{starsolo,
  author = {Dobin, Alexander} ,
  title = {STARsolo Release Page},
  howpublished = {\url{https://github.com/alexdobin/STAR/blob/master/docs/STARsolo.md}},
  note = {Accessed: 2020-01-10},
}

%10X CellRanger
@article{zheng2017massively,
  title={Massively parallel digital transcriptional profiling of single cells},
  author={Zheng, Grace XY and Terry, Jessica M and Belgrader, Phillip and Ryvkin, Paul and Bent, Zachary W and Wilson, Ryan and Ziraldo, Solongo B and Wheeler, Tobias D and McDermott, Geoff P and Zhu, Junjie and others},
  journal={Nat. Commun.},
  volume={8},
  number={1},
  pages={1-12},
  year={2017},
  publisher={Nature Publishing Group},
}

%scPipe
 @article{scpipe, 
  title={scPipe: A flexible R/Bioconductor preprocessing pipeline for single-cell RNA-sequencing data}, 
  volume={14},
  ISSN={1553-7358},
  url={http://dx.doi.org/10.1371/journal.pcbi.1006361},
  doi={10.1371/journal.pcbi.1006361},
  number={8},
  journal={PLOS Comput. Biol.},
  publisher={Public Library of Science (PLoS)}, 
  author={Tian, Luyi and Su, Shian and Dong, Xueyi and Amann-Zalcenstein, Daniela and Biben, Christine and Seidi, Azadeh and Hilton, Douglas J. and Naik, Shalin H. and Ritchie, Matthew E.}, 
  year={2018}, 
  month={Aug}, 
  pages={e1006361},
}

%alevin
@article{alevin,
  title={Alevin efficiently estimates accurate gene abundances from dscRNA-seq data}, 
  volume={20}, 
  ISSN={1474-760X}, 
  url={http://dx.doi.org/10.1186/s13059-019-1670-y}, 
  doi={10.1186/s13059-019-1670-y},
  number={1},
  journal={Genome Biol.},
  publisher={Springer Nature}, 
  author={Srivastava, Avi and Malik, Laraib and Smith, Tom and Sudbery, Ian and Patro, Rob}, 
  year={2019}, 
  month={Mar},
}

% salmon
 @article{salmon, 
  title={Salmon provides fast and bias-aware quantification of transcript expression}, 
  volume={14}, 
  ISSN={1548-7105}, 
  url={http://dx.doi.org/10.1038/nmeth.4197}, 
  doi={10.1038/nmeth.4197}, 
  number={4}, 
  journal={Nat. Methods},
  publisher={Springer Nature}, 
  author={Patro, Rob and Duggal, Geet and Love, Michael I and Irizarry, Rafael A and Kingsford, Carl}, 
  year={2017}, 
  month={Mar}, 
  pages={417-419},
}

@article{etherington2019galaxy,
  title={A Galaxy-based training resource for single-cell RNA-sequencing quality control and analyses},
  author={Etherington, Graham J and Soranzo, Nicola and Mohammed, Suhaib and Haerty, Wilfried and Davey, Robert P and Di Palma, Federica},
  journal={GigaScience},
  volume={8},
  number={12},
  pages={giz144},
  year={2019},
  publisher={Oxford University Press},
}


@article{amezquita2019orchestrating,
  	title={Orchestrating single-cell analysis with Bioconductor},
  	author={Amezquita, Robert A and Lun, Aaron TL and Becht, Etienne and Carey, Vince J and Carpp, Lindsay N and Geistlinger, Ludwig and Martini, Federico and Rue-Albrecht, Kevin and Risso, Davide and Soneson, Charlotte and others},
  	journal={Nat. Methods},
  	pages={1-9},
  	year={2019},
  	publisher={Nature Publishing Group},
}

@article{ruckdeschel2006s4,
  title={S4 classes for distributions},
  author={Ruckdeschel, Peter and Kohl, Matthias and Stabla, Thomas and Camphausen, Florian},
  journal={The Newsletter of the R Project Volume 6/2, May 2006},
  volume={6},
  pages={2},
  year={2006},
}

% different pipelines mentioned
@article{luecken2019current, 
  title={Current best practices in single-cell RNA-seq analysis: a tutorial},
  author={Luecken, Malte D and Theis, Fabian J},
  journal={Mol. Syst. Biol.},
  volume={15},
  number={6},
  year={2019},
  publisher={John Wiley \& Sons, Ltd},
}

% pooling cells normalisation
@article{lun2016pooling,
  title={Pooling across cells to normalize single-cell RNA sequencing data with many zero counts},
  author={Lun, Aaron TL and Bach, Karsten and Marioni, John C},
  journal={Genome Biol.},
  volume={17},
  number={1},
  pages={75},
  year={2016},
  publisher={Springer},
}

%louvain
@article{blondel2008fast,
  title={Fast unfolding of communities in large networks},
  author={Blondel, Vincent D and Guillaume, Jean-Loup and Lambiotte, Renaud and Lefebvre, Etienne},
  journal={Journal of statistical mechanics: theory and experiment},
  volume={2008},
  number={10},
  pages={P10008},
  year={2008},
  publisher={IOP Publishing},
}

% tsne
@article{tsne,
  title={Visualizing data using t-SNE},
  author={Maaten, Laurens van der and Hinton, Geoffrey},
  journal={Journal of machine learning research},
  volume={9},
  number={Nov},
  pages={2579-2605},
  year={2008},
}

% umap
@article{umap,
  title={Umap: Uniform manifold approximation and projection for dimension reduction},
  author={McInnes, Leland and Healy, John and Melville, James},
  journal={arXiv preprint arXiv:1802.03426},
  year={2018},
}

%paga
@article{wolf2019paga,
  title={PAGA: graph abstraction reconciles clustering with trajectory inference through a topology preserving map of single cells},
  author={Wolf, F Alexander and Hamey, Fiona K and Plass, Mireya and Solana, Jordi and Dahlin, Joakim S and G{\"o}ttgens, Berthold and Rajewsky, Nikolaus and Simon, Lukas and Theis, Fabian J},
  journal={Genome Biol.},
  volume={20},
  number={1},
  pages={59},
  year={2019},
  publisher={BioMed Central},
}

%fateid
@article{herman2018fateid,
  title={FateID infers cell fate bias in multipotent progenitors from single-cell RNA-seq data},
  author={Herman, Josip S and Gr{\"u}n, Dominic and others},
  journal={Nat. Methods},
  volume={15},
  number={5},
  pages={379},
  year={2018},
  publisher={Nature Publishing Group},
}

% cell atlas
@article{regev2017science,
  title={Science Forum: The Human Cell Atlas},
  author={Regev, Aviv and Teichmann, Sarah A and Lander, Eric S and Amit, Ido and Benoist, Christophe and Birney, Ewan and Bodenmiller, Bernd and Campbell, Peter and Carninci, Piero and Clatworthy, Menna and others},
  journal={Elife},
  volume={6},
  pages={e27041},
  year={2017},
  publisher={eLife Sciences Publications Limited},
}

%pablos paper
@article{moreno2020user,
  title={User-friendly, scalable tools and workflows for single-cell analysis},
  author={Moreno, Pablo and Huang, Ni and Manning, Jonathan R and Mohammed, Suhaib and Solovyev, Andrey and Polanski, Krzysztof and Chazarra, Ruben and Talavera-Lopez, Carlos Andres and Doyle, Maria and Marnier, Guilhem and Gr{\"u}ning, B. and Rasche, Helena and Bacon, W. and Perez-Riverol, Y. and Haeussler, M. and Meyer, K.B. and Teichmann, S. and Papatheodorou, I.},
  journal={bioRxiv},
  year={2020},
  publisher={Cold Spring Harbor Laboratory},
  doi = {10.1101/2020.04.08.032698},
}

% IOBIO
@article{iobio,
  author = {Miller, Chase and Qiao, Yi and DiSera, Tonya and D'Astous, Brian and Marth, Gabor},
  year = {2014},
  month = {11},
  pages = {1189},
  title = {Bam. Iobio: a Web-based, real-time, sequence alignment file inspector},
  volume = {11},
  journal = {Nat. Methods},
  doi = {10.1038/nmeth.3174},
}

%Wilson
@article{schultheis2019wilson,
  title={WIlsON: Web-based Interactive Omics VisualizatioN},
  author={Schultheis, Hendrik and Kuenne, Carsten and Preussner, Jens and Wiegandt, Rene and Fust, Annika and Bentsen, Mette and Looso, Mario},
  journal={Bioinformatics},
  volume={35},
  number={6},
  pages={1055-1057},
  year={2019},
  publisher={Oxford University Press},
}

% ethercalc
@misc{ethercalc,
  author = {Audrey Tang} ,
  title = {EtherCalc Github Repository},
  howpublished = {\url{https://github.com/audreyt/ethercalc}},
  note={Accessed: 2020-01-10},
}

%PHINCH
@article{bik2014phinch,
  title={Phinch: an interactive, exploratory data visualization framework for --Omic datasets},
  author={Bik, Holly M and Interactive, Pitch},
  journal={bioRxiv},
  pages={009944},
  year={2014},
  publisher={Cold Spring Harbor Laboratory},
}

% Wallace
@article{kass2018wallace,
  title={Wallace: A flexible platform for reproducible modeling of species niches and distributions built for community expansion},
  author={Kass, Jamie M and Vilela, Bruno and Aiello-Lammens, Matthew E and Muscarella, Robert and Merow, Cory and Anderson, Robert P},
  journal={Methods Ecol. Evol.},
  volume={9},
  number={4},
  pages={1151-1156},
  year={2018},
  publisher={Wiley Online Library},
}

%panoply
@article{schmunk2018panoply,
  title={Panoply netcdf, hdf and grib data viewer},
  author={Schmunk, Robert B},
  journal={National Aeronautics and Space Administration-Goddard Institute for Space Studies},
  year={2018},
}

%Higlass
@article{kerpedjiev2018higlass,
  title={HiGlass: web-based visual exploration and analysis of genome interaction maps},
  author={Kerpedjiev, Peter and Abdennur, Nezar and Lekschas, Fritz and McCallum, Chuck and Dinkla, Kasper and Strobelt, Hendrik and Luber, Jacob M and Ouellette, Scott B and Azhir, Alaleh and Kumar, Nikhil and others},
  journal={Genome Biol.},
  volume={19},
  number={1},
  pages={1-12},
  year={2018},
  publisher={BioMed Central},
}

%xfce
@inproceedings{fourdan2000xfce,
  title={Xfce: A Lightweight Desktop Environment.},
  author={Fourdan, Olivier},
  booktitle={Annual Linux Showcase \& Conference},
  year={2000}
}

%Garnett
@article{pliner2019Garnett,
   author={Pliner, H. A.  and Shendure, J.  and Trapnell, C.},
   title={Supervised classification enables rapid annotation of cell atlases},
   journal={Nat. Methods},
   year={2019},
   volume={16},
   number={10},
   pages={983-986},
   month={10},
}

%scmap
@article{kiselev2018scmap,
   author={Kiselev, V. Y.  and Yiu, A.  and Hemberg, M.},
   title={scmap: projection of single-cell {RNA}-seq data across data sets},
   journal={Nat. Methods},
   year={2018},
   volume={15},
   number={5},
   pages={359-362},
   month={05},
}

%scPred
@article{alquicirahernandez2019scpred,
   author={Alquicira-Hernandez, J.  and Sathe, A.  and Ji, H. P.  and Nguyen, Q.  and Powell, J. E.},
   title={{scPred}: accurate supervised method for cell-type classification from single-cell {RNA}-seq data},
   journal={Genome Biol.},
   year={2019},
   volume={20},
   number={1},
   pages={264},
   month={12},
}

% compare 10x
@article{wang2019direct,
  title={Direct Comparative Analysis of 10X Genomics Chromium and Smart-seq2},
  author={Wang, Xilang and Yao, He and Zhang, Qiming and Ren, Xianwen and Zhang, Zemin},
  journal={bioRxiv},
  pages={615013},
  year={2019},
  publisher={Cold Spring Harbor Laboratory}
}

% Monocle3
@article{cao2019single,
  title={The single-cell transcriptional landscape of mammalian organogenesis},
  author={Cao, Junyue and Spielmann, Malte and Qiu, Xiaojie and Huang, Xingfan and Ibrahim, Daniel M and Hill, Andrew J and Zhang, Fan and Mundlos, Stefan and Christiansen, Lena and Steemers, Frank J and others},
  journal={Nature},
  volume={566},
  number={7745},
  pages={496--502},
  year={2019},
  publisher={Nature Publishing Group}
}

% UMI-tools
@article{smith2017umi,
  title={UMI-tools: modeling sequencing errors in Unique Molecular Identifiers to improve quantification accuracy},
  author={Smith, Tom and Heger, Andreas and Sudbery, Ian},
  journal={Genome research},
  volume={27},
  number={3},
  pages={491--499},
  year={2017},
  publisher={Cold Spring Harbor Lab}
}

%@misc{umiknee,
%    author = {Smith, Tom},
%    title = {Estimating the number of true cell barcodes in single cell RNA-Seq},
%    howpublished = {\url{https://cgatoxford.wordpress.com/2017/05/18/estimating-the-number-of-true-cell-barcodes-in-single-cell-rna-seq/}},
%    note = {Accessed: 2020-01-10},
%}

% transcriptional bursting
@article{raj2008nature,
  title={Nature, nurture, or chance: stochastic gene expression and its consequences},
  author={Raj, Arjun and van Oudenaarden, Alexander},
  journal={Cell},
  volume={135},
  number={2},
  pages={216--226},
  year={2008},
  publisher={Elsevier}
}
